[gd_scene load_steps=10 format=3 uid="uid://ctfs31jdsts8h"]

[ext_resource type="Script" path="res://scripts/mob.gd" id="1_dlbd2"]
[ext_resource type="Texture2D" uid="uid://bw43tc121wemf" path="res://art/enemyFlyingAlt_1.png" id="1_o8258"]
[ext_resource type="Texture2D" uid="uid://8t0a3uxbig52" path="res://art/enemyFlyingAlt_2.png" id="2_cam6o"]
[ext_resource type="Texture2D" uid="uid://dh7dekv5rbywk" path="res://art/enemySwimming_1.png" id="3_p3teg"]
[ext_resource type="Texture2D" uid="uid://dc2b5x30o7qx6" path="res://art/enemySwimming_2.png" id="4_reyx2"]
[ext_resource type="Texture2D" uid="uid://b4ssc00b1w2fl" path="res://art/enemyWalking_1.png" id="5_8d7px"]
[ext_resource type="Texture2D" uid="uid://cgbd08xa5ri2s" path="res://art/enemyWalking_2.png" id="6_cux7n"]

[sub_resource type="SpriteFrames" id="SpriteFrames_se4mw"]
animations = [{
"frames": [{
"duration": 1.0,
"texture": ExtResource("1_o8258")
}, {
"duration": 1.0,
"texture": ExtResource("2_cam6o")
}],
"loop": true,
"name": &"fly",
"speed": 3.0
}, {
"frames": [{
"duration": 1.0,
"texture": ExtResource("3_p3teg")
}, {
"duration": 1.0,
"texture": ExtResource("4_reyx2")
}],
"loop": true,
"name": &"swim",
"speed": 3.0
}, {
"frames": [{
"duration": 1.0,
"texture": ExtResource("5_8d7px")
}, {
"duration": 1.0,
"texture": ExtResource("6_cux7n")
}],
"loop": true,
"name": &"walk",
"speed": 3.0
}]

[sub_resource type="CapsuleShape2D" id="CapsuleShape2D_mgyvx"]
radius = 37.0
height = 100.0

[node name="Mob" type="RigidBody2D" groups=["mobs"]]
collision_mask = 0
gravity_scale = 0.0
script = ExtResource("1_dlbd2")

[node name="AnimatedSprite2D" type="AnimatedSprite2D" parent="."]
scale = Vector2(0.75, 0.75)
sprite_frames = SubResource("SpriteFrames_se4mw")
animation = &"walk"

[node name="VisibleOnScreenNotifier2D" type="VisibleOnScreenNotifier2D" parent="." groups=["mobs"]]

[node name="CollisionShape2D" type="CollisionShape2D" parent="."]
rotation = 1.5708
shape = SubResource("CapsuleShape2D_mgyvx")

[connection signal="screen_exited" from="VisibleOnScreenNotifier2D" to="." method="_on_visible_on_screen_notifier_2d_screen_exited"]
